<record><leader>00000cas a2200000 a 4500</leader><controlfield tag="001">29811742</controlfield><controlfield tag="008">940214d19521959nyuwr ne      0    0eng c</controlfield><datafield ind1=" " ind2=" " tag="010"><subfield code="a">sn 94057519 </subfield></datafield><datafield ind1=" " ind2=" " tag="040"><subfield code="a">NYS</subfield><subfield code="b">eng</subfield><subfield code="c">NYS</subfield><subfield code="d">OCLCQ</subfield><subfield code="d">OCLCF</subfield><subfield code="d">OCLCO</subfield></datafield><datafield ind1="1" ind2=" " tag="029"><subfield code="a">AU@</subfield><subfield code="b">000010884817</subfield></datafield><datafield ind1=" " ind2=" " tag="042"><subfield code="a">pcc</subfield></datafield><datafield ind1=" " ind2=" " tag="043"><subfield code="a">n-us-ny</subfield></datafield><datafield ind1="0" ind2="0" tag="245"><subfield code="a">Blasdell-frontier herald.</subfield></datafield><datafield ind1=" " ind2=" " tag="260"><subfield code="a">Blasdell, N.Y. :</subfield><subfield code="b">Leyda Print. &amp; Stationary Co.</subfield></datafield><datafield ind1=" " ind2=" " tag="300"><subfield code="a">v.</subfield></datafield><datafield ind1=" " ind2=" " tag="310"><subfield code="a">Weekly</subfield></datafield><datafield ind1="1" ind2=" " tag="362"><subfield code="a">Began in 1952; ceased in 1959.</subfield></datafield><datafield ind1=" " ind2=" " tag="588"><subfield code="a">Description based on: Vol. 31, no. 31 (Sept. 18, 1952).</subfield></datafield><datafield ind1=" " ind2="0" tag="651"><subfield code="a">Blasdell (N.Y.)</subfield><subfield code="v">Newspapers.</subfield></datafield><datafield ind1=" " ind2="0" tag="651"><subfield code="a">Erie County (N.Y.)</subfield><subfield code="v">Newspapers.</subfield></datafield><datafield ind1=" " ind2="7" tag="655"><subfield code="a">Newspapers.</subfield><subfield code="2">fast</subfield><subfield code="0">(OCoLC)fst01423814</subfield></datafield><datafield ind1=" " ind2="7" tag="651"><subfield code="a">New York (State)</subfield><subfield code="z">Blasdell.</subfield><subfield code="2">fast</subfield><subfield code="0">(OCoLC)fst01221728</subfield></datafield><datafield ind1=" " ind2="7" tag="651"><subfield code="a">New York (State)</subfield><subfield code="z">Erie County.</subfield><subfield code="2">fast</subfield><subfield code="0">(OCoLC)fst01202692</subfield></datafield><datafield ind1=" " ind2=" " tag="752"><subfield code="a">United States</subfield><subfield code="b">New York</subfield><subfield code="c">Erie</subfield><subfield code="d">Blasdell.</subfield></datafield><datafield ind1="0" ind2=" " tag="775"><subfield code="t">Lake shore-frontier herald</subfield><subfield code="w">(DLC)sn 98067625</subfield><subfield code="w">(OCoLC)30864261</subfield></datafield><datafield ind1="0" ind2="0" tag="780"><subfield code="t">Erie County herald</subfield><subfield code="w">(DLC)sn 94057518</subfield><subfield code="w">(OCoLC)29811633</subfield></datafield><datafield ind1="0" ind2="0" tag="785"><subfield code="t">Frontier herald</subfield><subfield code="w">(DLC)sn 94057520</subfield><subfield code="w">(OCoLC)29840056</subfield></datafield></record>